@incollection{1844_marx_manuscripts,
  author    = {马克思},
  title     = {1844年经济学哲学手稿},
  booktitle = {马克思恩格斯全集},
  publisher = {人民出版社},
  year      = 2002,
  editor    = {马克思 and 恩格斯},
  volume    = 3,
  pages     = {266-280},
  edition   = 2,
  address   = {北京},
  language  = {zh}
}
